@misc{cai2008singular,
  title={A Singular Value Thresholding Algorithm for Matrix Completion}, 
  author={Jian-Feng Cai and Emmanuel J. Candes and Zuowei Shen},
  year={2008},
  eprint={0810.3286},
  archivePrefix={arXiv},
  primaryClass={math.OC}
}

@inproceedings{NIPS2009,
  author = {Wright, John and Ganesh, Arvind and Rao, Shankar and Peng, Yigang and Ma, Yi},
  booktitle = {Advances in Neural Information Processing Systems},
  editor = {Y. Bengio and D. Schuurmans and J. Lafferty and C. Williams and A. Culotta},
  pages = {},
  publisher = {Curran Associates, Inc.},
  title = {Robust Principal Component Analysis: Exact Recovery of Corrupted Low-Rank Matrices via Convex Optimization},
  volume = {22},
  year = {2009}
}

@inproceedings{SILT,
  author={L. {Zhuang} and A. Y. {Yang} and Z. {Zhou} and S. S. {Sastry} and Y.
          {Ma}},
  booktitle={2013 IEEE Conference on Computer Vision and Pattern Recognition}, 
  title={Single-Sample Face Recognition with Image Corruption and Misalignment
         via Sparse Illumination Transfer}, 
  year={2013},
  volume={},
  number={},
  pages={3546-3553},
  doi={10.1109/CVPR.2013.455}
}

@ARTICLE{RASL,
  author={Y. {Peng} and A. {Ganesh} and J. {Wright} and W. {Xu} and Y. {Ma}},
  journal={IEEE Transactions on Pattern Analysis and Machine Intelligence}, 
  title={RASL: Robust Alignment by Sparse and Low-Rank Decomposition for Linearly Correlated Images}, 
  year={2012},
  volume={34},
  number={11},
  pages={2233-2246},
  doi={10.1109/TPAMI.2011.282}
}

@inproceedings{FengORPCA,
  author = {Feng, Jiashi and Xu, Huan and Yan, Shuicheng},
  booktitle = {Advances in Neural Information Processing Systems},
  editor = {C. J. C. Burges and L. Bottou and M. Welling and Z. Ghahramani and K. Q. Weinberger},
  publisher = {Curran Associates, Inc.},
  title = {Online Robust PCA via Stochastic Optimization},
  volume = {26},
  year = {2013}
}

@article{Huber,
  author = {Peter J. Huber},
  title = {{Robust Estimation of a Location Parameter}},
  volume = {35},
  journal = {The Annals of Mathematical Statistics},
  number = {1},
  publisher = {Institute of Mathematical Statistics},
  pages = {73 -- 101},
  year = {1964},
  doi = {10.1214/aoms/1177703732},
  URL = {https://doi.org/10.1214/aoms/1177703732}
}

@article{Recht_2010,
  title={Guaranteed Minimum-Rank Solutions of Linear Matrix Equations via Nuclear Norm Minimization},
  volume={52},
  ISSN={1095-7200},
  url={http://dx.doi.org/10.1137/070697835},
  DOI={10.1137/070697835},
  number={3},
  journal={SIAM Review},
  publisher={Society for Industrial \& Applied Mathematics (SIAM)},
  author={Recht, Benjamin and Fazel, Maryam and Parrilo, Pablo A.},
  year={2010},
  month={Jan},
  pages={471â€“501}
}
@Article{cryale,
  author =  "Georghiades, A.S. and Belhumeur, P.N. and Kriegman, D.J.",
  title =   "From Few to Many: Illumination Cone Models for Face Recognition under
  Variable Lighting and Pose",
  journal = "IEEE Trans. Pattern Anal. Mach. Intelligence",
  year =  2001,
  volume = 23,
  number = 6,
  pages= "643-660"}

@INPROCEEDINGS{changedetection,
  author={Goyette, Nil and Jodoin, Pierre-Marc and Porikli, Fatih and Konrad, Janusz and Ishwar, Prakash},
  booktitle={2012 IEEE Computer Society Conference on Computer Vision and Pattern Recognition Workshops}, 
  title={Changedetection.net: A new change detection benchmark dataset}, 
  year={2012},
  volume={},
  number={},
  pages={1-8},
  doi={10.1109/CVPRW.2012.6238919}}
